%@book{womak:lean-thinking,
%    author  = {James P. Womack, Daniel T. Jones},
%    title   = {Lean Thinking, Second Editon},
%    publisher = {Simon \& Schuster, Inc.},
%    year    = {2010}
%}

@online{site:agile-manifesto,
    title   = {Manifesto Agile},
    url     = {https://agilemanifesto.org/}
}

@online{site:wikipedia,
    title   = {Wikipedia},
    url     = {https://www.wikipedia.org/}
}

@online{site:opensource,
    title   = {Docker},
    url     = {https://opensource.com/resources/what-docker}
}

@online{site:oracle,
    title   = {Javadoc},
    url     = {https://docs.oracle.com/javase/8/docs/technotes/tools/windows/javadoc.html}
}

@online{site:oasis,
    title   = {SAML},
    url     = {http://docs.oasis-open.org/security/saml/Post2.0/sstc-saml-tech-overview-2.0.html}
}

@online{site:json,
    title   = {JSON},
    url     = {https://www.json.org/json-en.html}
}

@online{site:scrum,
    title   = {SCRUM},
    url     = {https://www.scrum.org/resources/what-is-scrum}
}

@online{site:zextras,
    title   = {Zextras},
    url     = {https://www.zextras.com/}
}

@online{site:mockito,
    title   = {Mockito},
    url     = {https://site.mockito.org/}
}

@online{site:guice,
    title   = {Guice},
    url     = {https://github.com/google/guice/wiki}
}

@online{site:provisioning,
    title   = {Provisioning},
    url     = {https://support.okta.com/help/s/article/Provisioning-Concepts-and-Methods}
}

@online{site:jira,
    title   = {Jira},
    url     = {https://www.atlassian.com/software/jira}
}

@online{site:confluence,
    title   = {Confluence},
    url     = {https://www.atlassian.com/software/confluence}
}

@online{site:openid,
    title   = {OpenID},
    url     = {https://openid.net/developers/specs/}
}

@online{site:OAuth,
    title   = {oauth},
    url     = {https://oauth.net/2/}
}

@online{site:jenkins,
    title   = {Jenkins},
    url     = {https://jenkins.io/}
}
